<record><leader>00000cas a22000007a 4500</leader><controlfield tag="001">15669018</controlfield><controlfield tag="008">870511c19609999iaudr ne      0   a0eng d</controlfield><controlfield tag="009">5087</controlfield><datafield ind1=" " ind2=" " tag="010"><subfield code="a">sn 87058205 </subfield></datafield><datafield ind1=" " ind2=" " tag="040"><subfield code="a">INP</subfield><subfield code="b">eng</subfield><subfield code="c">INP</subfield><subfield code="d">NSD</subfield><subfield code="d">OCLCQ</subfield></datafield><datafield ind1=" " ind2=" " tag="012"><subfield code="m">1</subfield></datafield><datafield ind1="1" ind2=" " tag="022"><subfield code="a">1087-9463</subfield><subfield code="l">1087-9463</subfield><subfield code="2">1</subfield></datafield><datafield ind1=" " ind2=" " tag="032"><subfield code="a">368460</subfield><subfield code="b">USPS</subfield></datafield><datafield ind1=" " ind2=" " tag="037"><subfield code="b">Muscatine Journal, POB 809, Muscatine, IA 52761</subfield></datafield><datafield ind1=" " ind2=" " tag="042"><subfield code="a">msc</subfield><subfield code="a">nsdp</subfield></datafield><datafield ind1="0" ind2=" " tag="130"><subfield code="a">Muscatine journal (Muscatine, Iowa : 1960)</subfield></datafield><datafield ind1=" " ind2="4" tag="222"><subfield code="a">The Muscatine journal</subfield></datafield><datafield ind1="0" ind2="4" tag="245"><subfield code="a">The Muscatine journal.</subfield></datafield><datafield ind1=" " ind2=" " tag="260"><subfield code="a">Muscatine, Iowa :</subfield><subfield code="b">Harold L. Nelson,</subfield><subfield code="c">1960-</subfield></datafield><datafield ind1=" " ind2=" " tag="300"><subfield code="a">v.</subfield></datafield><datafield ind1=" " ind2=" " tag="310"><subfield code="a">Daily</subfield></datafield><datafield ind1="0" ind2=" " tag="362"><subfield code="a">Sept. 29, 1960-</subfield></datafield><datafield ind1=" " ind2=" " tag="500"><subfield code="a">Publisher: Muscatine Journal, &lt;1996-&gt;</subfield></datafield><datafield ind1=" " ind2=" " tag="752"><subfield code="a">United States</subfield><subfield code="b">Iowa</subfield><subfield code="c">Muscatine</subfield><subfield code="d">Muscatine.</subfield></datafield><datafield ind1="0" ind2="0" tag="780"><subfield code="t">Muscatine journal and news-tribune</subfield><subfield code="w">(DLC)sn 82015306</subfield><subfield code="w">(OCoLC)8807658</subfield></datafield><datafield ind1=" " ind2=" " tag="936"><subfield code="a">Feb. 29, 1996 LIC</subfield></datafield></record>